@online{nsa-hacked,
  title = "NSA hacked",
  url = "https://arstechnica.com/information-technology/2017/04/nsa-leaking-shadow-brokers-just-dumped-its-most-damaging-release-yet/",
}


@online{microsoft-bulletin,
  title = "Microsoft Security Bulletin MS17-010",
  url = "https://docs.microsoft.com/en-us/security-updates/securitybulletins/2017/ms17-010",
}


@online{microsoft-smb,
  title = "Service Message Block (SMB)",
  url = "https://docs.microsoft.com/en-us/openspecs/windows_protocols/ms-smb/f210069c-7086-4dc2-885e-861d837df688",
}

@online{microsoft-transactions,
  title = "SMB Transactions",
  url = "https://docs.microsoft.com/en-us/openspecs/windows_protocols/ms-cifs/9d877a4a-c60c-40e9-8520-849c5a94fc1d",
}


@online{exploit-db,
  title = "Exploit database Eternalblue",
  url = "https://www.exploit-db.com/exploits/41987",
}

@online{exploit-wannacryptor,
  title = "Wannacry ransomware",
  url = "https://support.eset.com/en/ca6443-vulnerability-cve-2017-0144-in-smb-exploited-by-wannacryptor-ransomware-to-spread-over-lan",
}

@article{eternalblue-analysis,
author = {Liu, Zian},
year = {2021},
month = {12},
pages = {},
title = {Working mechanism of Eternalblue and its application in ransomworm}
}

@online{windows-hal,
  title = "Hardware Abstraction Layer",
  url = "https://docs.microsoft.com/en-us/windows-hardware/drivers/kernel/windows-kernel-mode-hal-library",
}

@online{bbc-eternalblue,
  title = "BBC article about Eternalblue",
  url = "https://www.bbc.com/news/technology-39553241",
}

@online{repubblica-ransomware,
  title = "Repubblica article about ransomware in Bicocca",
  url = "https://milano.repubblica.it/cronaca/2017/05/12/news/milano_virus_ransomware_universita_bicocca-165302056/",
}

@online{theverge-ransomware,
  title = "The Verge article about ransomware",
  url = "https://www.theverge.com/2017/5/12/15630354/nhs-hospitals-ransomware-hack-wannacry-bitcoin",
}

@online{bbc-ransomware,
  title = "BBC article about ransomware",
  url = "https://www.bbc.com/news/technology-39901382",
}

@online{doublepulsar,
  title = "Doublepulsar",
  url = "https://medium.com/dark-roast-security/eternal-blue-doublepulsar-exploit-36b66f3edb44",
}


@online{eternalblue-checkpoint,
  title = "Eternalblue comprehensive research",
  url = "https://research.checkpoint.com/2017/eternalblue-everything-know/",
}


